@misc{stm32_discovery,
    author          = {{ST}},
    title           = {{STM32 Discovery Kits}},
    howpublished    = {Disponivel em \href{https://www.st.com/stm32f4-discovery}{<https://www.st.com/stm32f4-discovery>}}
}
