@misc{gcc,
    author          = {{Free Software Foundation, Inc.}},
    title           = {{GCC, the GNU Compiler Collection}},
    howpublished    = {Disponivel em \href{https://gcc.gnu.org/}{<https://gcc.gnu.org/>}}
}
