@misc{gcc_arm,
    author          = {{ARM limited}},
    title           = {{GNU Arm Embedded Toolchain}},
    howpublished    = {Disponivel em \href{https://developer.arm.com/tools-and-software/open-source-software/developer-tools/gnu-toolchain/gnu-rm}{<https://developer.arm.com/tools-and-software/open-source-software/developer-tools/gnu-toolchain/gnu-rm>}}
}
