@misc{stlink,
    author          = {{Texane}},
    title           = {{Open source version of the STMicroelectronics Stlink Tools}},
    howpublished    = {Disponivel em \href{https://github.com/texane/stlink}{<https://github.com/texane/stlink>}}
}
