@misc{libopencm3,
    author          = {{Karl Palsson}},
    title           = {{libopencm3 project}},
    howpublished    = {Disponivel em \href{https://github.com/libopencm3/libopencm3}{<https://github.com/libopencm3/libopencm3>}}
}
